% ------------------------------------------------------------------------
% SAMPLE BIBLIOGRAPHY FILE
% ------------------------------------------------------------------------

@misc{PiXH,
  title = {{PixHawk board description}},
  howpublished = {\url{https://pixhawk.org/modules/pixhawk}},
  note = {Accessed: 15-08-2015},
  year = {2015},
}

@misc{PX4,
  title = {{PX4 autopilot description}},
  howpublished = {\url{https://pixhawk.org/firmware/source_code}},
  note = {Accessed: 15-08-2015},
  year = {2015},
}

@misc{MAVLink,
  
  title = {{MAVLink protocol description}},
  howpublished = {\url{http://qgroundcontrol.org/mavlink/start}},
  note = {Accessed: 15-08-2015},
  year = {2015},
}

@misc{IRIS,
  title = {{IRIS, 3d Robotics}},
  howpublished = {\url{https://store.3drobotics.com/products/iris}},
  note = {Accessed: 15-08-2015},
  year = {2015},
}

@misc{DJI,
  title = {{DJI website}},
  howpublished = {\url{http://www.dji.com}},
  note = {Accessed: 15-08-2015},
  year = {2015},
}

@misc{OptiT,
  title = {{OptiTrack website}},
  howpublished = {\url{http://www.optitrack.com/}},
  note = {Accessed: 15-08-2015},
  year = {2015},
}

@misc{OptiHub,
  title = {{Optihub image}},
  howpublished = {\url{http://www.fontysvr.nl/mediawiki/index.php/OptiTrack_FLEX:V100R2}},
  note = {Accessed: 15-08-2015},
  year = {2015},
}

@misc{PX4Build,
  title = {{PX4 build environment}},
  howpublished = {\url{https://pixhawk.org/dev/toolchain_installation_lin}},
  note = {Accessed: 16-08-2015},
  year = {2015},
}

@misc{3Dr,
  title = {{3D Robotics store}},
  howpublished = {\url{https://store.3drobotics.com/products}},
  note = {Accessed: 16-08-2015},
  year = {2015},
}


@misc{ROS,
  title = {{Ros org}},
  howpublished = {\url{http://www.ros.org/}},
  note = {Accessed: 16-08-2015},
  year = {2015},
}

@misc{FrameRef,
  title = {{Reference frames}},
  howpublished = {\url{https://pixhawk.org/dev/know-how/frames_of_reference}},
  note = {Accessed: 16-08-2015},
  year = {2015},
}

@misc{gyro,
  title = {{Gyroscopic stabilizer}},
  howpublished = {The Sperry Gyroscopic Stabilizer},
  note = {published on Flight magazine, available on \url{http://www.flightglobal.com/pdfarchive/view/1915/}},
  year = {1915},
}

@misc{PX4Git,
  title = {{PX4 Firmware Github}},
  howpublished = {\url{https://github.com/PX4/Firmware}},
  note = {Accessed: 16-08-2015},
  year = {2015},
}

@misc{attekf,
  title = {{Extended Kalman Filter for the PX4 autopilot}},
  howpublished = {\url{https://pixhawk.org/firmware/apps/attitude_estimator_ekf}},
  note = {Accessed: 16-08-2015},
  year = {2015},
}

@misc{ArduP,
  title = {{Ardupilot website}},
  howpublished = {\url{http://www.ardupilot.co.uk/}},
  note = {Accessed: 16-08-2015},
  year = {2015},
}

@misc{ARDrone,
  title = {{ARDrone website}},
  howpublished = {\url{http://ardrone2.parrot.com/}},
  note = {Accessed: 18-08-2015},
  year = {2015},
}

@misc{Airware,
  title = {{Airware control station}},
  howpublished = {\url{http://www.airware.com/products/ground-control-software}},
  note = {Accessed: 18-08-2015},
  year = {2015},
}

@misc{vicon,
  title = {{Vicon website}},
  howpublished = {\url{http://www.vicon.com/}},
  note = {Accessed: 18-08-2015},
  year = {2015},
}

@misc{qualisys,
  title = {{qualisys website}},
  howpublished = {\url{http://www.qualisys.com/}},
  note = {Accessed: 16-08-2015},
  year = {2015},
}

@misc{Nutty,
  title = {{NuttX website}},
  howpublished = {\url{http://nuttx.org/}},
  note = {Accessed: 16-08-2015},
  year = {2015},
}

@misc{Pred,
  title = {{Predator image}},
  howpublished = {\url{http://www.airforce-technology.com/projects/predator-uav/predator-uav6.html
}},
  note = {Accessed: 20-08-2015},
  year = {2015},
}

@misc{Heli,
  title = {{Helicopter hisorical website}},
  howpublished = {\url{http://www.helicopter-history.org/
}},
  note = {Accessed: 20-08-2015},
  year = {2015},
}

@misc{APM,
  title = {{Ardupilot Firmware}},
  howpublished = {\url{http://ardupilot.com/}},
  note = {Accessed: 16-08-2015},
  year = {2015},
}


@misc{uOrb,
	title = {{uOrb user guide}},
	howpublished = {\url{https://pixhawk.org/dev/shared_object_communication}},
	note = {Accessed: 18-08-2015},
	year = {2015},
}

@misc{optiros,
	title = {{Mocap Optitrack ROS package}},
	howpublished = {\url{http://wiki.ros.org/mocap_optitrack}},
	note = {Accessed: 18-08-2015},
	year = {2015},
}

@misc{FPlot,
	title = {{FlightPlot visualizaion tool}},
	howpublished = {\url{https://pixhawk.org/dev/flightplot}},
	note = {Accessed: 18-08-2015},
	year = {2015}
}

@misc{Ascend,
  title = {{Ascending Technologies}},
  howpublished = {\url{http://www.asctec.de/en/}},
  note = {Accessed: 18-08-2015},
  year = {2015},
}

@misc{APMplan,
  title = {{ArduPilot Mission Planner}},
  howpublished = {\url{http://planner2.ardupilot.com/}},
  note = {Accessed: 18-08-2015},
  year = {2015},
}

@misc{QGround,
  title = {{QGroundControl website}},
  howpublished = {\url{http://qgroundcontrol.org/}},
  note = {Accessed: 19-08-2015},
  year = {2015},
}

@misc{Flamewheel,
  title = {{Flamewheel built by Lorenz Meier}},
  howpublished = {\url{https://pixhawk.org/platforms/multicopters/dji_flamewheel_450}},
  note = {Accessed: 19-08-2015},
  year = {2015},
}

@misc{PixETH,
  title = {{PixHawk project at ETH}},
  howpublished = {\url{https://pixhawk.ethz.ch/}},
  note = {Accessed: 19-08-2015},
  year = {2015},
}


@article{Mahony2012,
author = {Mahony, Robert and Kumar, Vijay and Corke, Peter},
journal = {IEEE Robotics \& Automation Magazine},
title = {{Multirotor Aerial Vehicles: Modeling, Estimation, and Control of Quadrotor}},
volume = {19},
year = {2012}
}

@article{Henderson1977,
author = {Henderson, Dm},
journal = {NASA JSC Report},
mendeley-groups = {Thesis Papers/Control/General},
title = {{Euler Angles, Quaternions, and Transformation Matrices}},
year = {1977}
}

@unpublished{Falchi2014,
	author	= {Tommaso Falchi Delitalia},
	title	= {{Modelling and control of 3DR IRIS Quadcopter}},
	year	= {2014},
	month	= {November},
	note	= {Unpublished},
}

@article{Hoffmann2007,
author = {Hoffmann, Gm and Huang, H and Waslander, Sl},
journal = {American Institute of Aeronautics and Astronautics},
pages = {1--20},
title = {{Quadrotor helicopter flight dynamics and control: Theory and experiment}},
year = {2007}
}

@misc{Michael2014,
author = {{Michael, Nathan}},
title = {{Quadrotor Modeling and Control}},
howpublished = {\url{http://www.cs.cmu.edu/afs/cs.cmu.edu/academic/class/16311/www/s15/syllabus/ppp/Lec08-Control3.pdf}},
note = {Accessed: 17-08-2015},
year = {2014},
}

@article{Vendittelli,
author = {Vendittelli, Marilena},
title = {{Elective in Robotics Quadrotor Modeling, Control Problems and approaches}}
}

@mastersthesis{Bouabdallah2007,
    author    = {Samir Bouabdallah},
    title     = {{Design and Control of Quadrotors With   Application To Autonomous Flying}},
    school    = {ÉCOLE POLYTECHNIQUE FÉDÉRALE DE LAUSANNE},
    year      = {2007},
 
}

@article{Luukkonen2011,
title = {{Modeling and control of Quadcopter}},
author = {Luukkonen, Teppo},
journal = {Independent research project in applied mathematics},
pages = {1134--45},
volume = {22},
year = {2011}
}

@article{Bouabdallah2,
author = {Bouabdallah, S. and Siegwart, R.},
journal = {2007 IEEE/RSJ International Conference on Intelligent Robots and Systems},
number = {1},
pages = {153--158},
title = {{Full control of a quadrotor}},
year = {2007}
}

@article{Algorithms2014,
title = {{A Review of Control Algorithms for Autonomous Quadrotors}},
author = {Andrew Zulu, Samuel John},
journal = {Open Journal of Applied Sciences},
pages = {547--556},
title = {{A Review of Control Algorithms}},
year = {2014},
}

@article{Erginer2007,
author = {Erginer, B. and Altug, E.},
journal = {2007 IEEE Intelligent Vehicles Symposium},
keywords = {Quadrotor,Unmanned Aerial Vehicle (UAV),aircraft control,modeling},
pages = {894--899},
title = {{Modeling and PD Control of a Quadrotor VTOL Vehicle}},
year = {2007}
}

@article{BouabdallahLQR,
author = {Bouabdallah, S. and Noth, a. and Siegwart, R.},
journal = {IEEE/RSJ International Conference on Intelligent Robots and Systems (IROS)},
pages = {2451--2456},
title = {{PID vs LQ control techniques applied to an indoor micro quadrotor}},
volume = {3},
year = {2004}
}

@article{Altug2002,
author = {Altug, E. and Ostrowski, J.P. and Mahony, R.},
journal = {Proceedings of IEEE International Conference on Robotics and Automation},
title = {{Control of a quadrotor helicopter using visual feedback}},
volume = {1},
year = {2002}
}

@article{Bouadi2007,
author = {Bouadi, H and Bouchoucha, M and Tadjine, M},
journal = {World Academy of Science},
pages = {1--6},
title = {{Sliding mode control based on backstepping approach for an UAV type-quadrotor}},
volume = {1},
year = {2007}
}

@article{Antonelli2013,
author = {Antonelli, Gianluca and Cataldi, Elisabetta and Giordano, Paolo Robuffo and Chiaverini, Stefano and Franchi, Antonio},
journal = {IEEE/RSJ International Conference on Intelligent Robots and Systems},
pages = {2439--2444},
title = {{Experimental validation of a new adaptive control scheme for quadrotors MAVs}},
year = {2013},
}

@article{Montgomery1995,
author = {Montgomery, James F. and Fagg, Andrew H. and Bekey, George a.},
journal = {IEEE expert},
pages = {16--22},
title = {{USC AFV-I: a behavior-based entry in the 1994 international aerial robotics competition}},
volume = {10},
year = {1995}
}

@techreport{Holger2008,
    author    = {Holger Voos},
    title = {{Nonlinear Landing Control for Quadrotor UAVs}},
    institution = {University of Applied Sciences Ravensburg-Weingarten, Mobile Robotics Lab},
    year      = {2008},
    month    = {December},

}

@techreport{Friis2009,
author = {Friis, Johannes and Nielsen, Ebbe and Andersen, Rasmus Foldager and Jochumsen, Anders},
title = {{Autonomous Landing on a Moving Platform}},
institution = {Aalborg University, Department of electronics systems},
year = {2009},
}

@article{Mueggler,
author = {Mueggler, Elias and Faessler, Matthias and Fontana, Flavio and Scaramuzza, Davide},
journal = {SSRR Conference},
year = {2014},
title = {{Aerial-guided Navigation of a Ground Robot among Movable Obstacles}}
}

@article{Faessler2014,
author = {Faessler, Matthias and Mueggler, Elias and Schwabe, Karl and Scaramuzza, Davide},
journal = {ICRA},
title = {{A Monocular Pose Estimation System based on Infrared LEDs}},
year = {2014}
}

@book{Khalil2004,
author = {Wisama Khalil},
pages = {1--483},
title = {{Modeling Identification and Control of Robots}},
publisher = {}
year = {2004}
}

@article{Diebel2006,

author = {Diebel, James},
journal = {Matrix},
pages = {1--35},
title = {{Representing attitude: Euler angles, unit quaternions, and rotation vectors}},
volume = {58},
year = {2006}

}

@techreport{Blanco2010,
author = {Blanco, Jl},
institution = {University of Malaga, Tech. Rep},
title = {{A tutorial on se (3) transformation parameterizations and on-manifold optimization}},
year = {2010}
}

@article{Huang2009,
author = {Huang, Haomiao and Hoffmann, Gabriel M. and Waslander, Steven L. and Tomlin, Claire J.},
journal = {Proceedings - IEEE International Conference on Robotics and Automation},
pages = {3277--3282},
title = {{Aerodynamics and control of autonomous quadrotor helicopters in aggressive maneuvering}},
year = {2009}
}

@article{Herisse2010,
author = {Herisse, Bruno and Hamel, Tarek and Mahony, Robert and Russotto, Francois Xavier},
journal = {IEEE/RSJ International Conference on Intelligent Robots and Systems, IROS},
number = {1},
pages = {1600--1605},
title = {{The landing problem of a VTOL unmanned aerial vehicle on a moving platform using optical flow}},
volume = {28},
year = {2010}
}

@article{Croon2015,
author = {De Croon, Guido and Ieee, Member},
number = {2},
pages = {1241--1252},
title = {{Controlling Spacecraft Landings With Constantly and Exponentially Decreasing}},
volume = {51},
year = {2015}
}

@article{Izzo2012,
author = {Izzo, Dario and Croon, Guido De},
doi = {10.2514/1.56598},
journal = {Journal of Guidance, Control, and Dynamics},
pages = {1362--1367},
title = {{Landing with Time-to-Contact and Ventral Optic Flow Estimates}},
volume = {35},
year = {2012}
}

@article{Baird2013,
author = {Baird, Emily},
journal = {Proceedings of the National Academy of Sciences},
pages = {1--15},
title = {{A universal strategy for visually guided landing}},
year = {2013}
}

@article{Kendoul2007,
	author = {Kendoul, F. and Lara, D. and Fantoni, I. and Lozano, R.},
	journal = {Journal of Guidance, Control, and Dynamics},
	number = {4},
	pages = {1049--1061},
	title = {{Real-Time Nonlinear Embedded Control for an Autonomous Quadrotor Helicopter}},
	volume = {30},
	year = {2007}
}


@article{Mellinger2012,
	author = {Mellinger, Daniel},
	title = {Minimum Snap Trajectory Generation and Control for Quadrotors},
	pages = {2520--2525},
	title = {{Trajectory Generation and Control for Quadrotors}},
	year = {2012}
}


%%Software architecture related

@misc{msdn,
  title = {{Software architectures and behavioral systems, motivation and use cases}},
  howpublished = {\url{https://msdn.microsoft.com/en-us/library/bb245656.aspx}},
  note = {Accessed: 2-09-2015},
  year = {2015},
}

@misc{qt,
  title = {{Qt libraries}},
  howpublished = {\url{http://www.qt.io/developers/}},
  note = {Accessed: 2-09-2015},
  year = {2015},
}